@article{kaji2023adversarial,
  title={An adversarial approach to structural estimation},
  author={Kaji, Tetsuya and Manresa, Elena and Pouliot, Guillaume},
  journal={Econometrica},
  volume={91},
  number={6},
  pages={2041--2063},
  year={2023},
  publisher={Wiley Online Library}
}

@misc{goodfellow2014generative,
Author = {Ian J. Goodfellow and Jean Pouget-Abadie and Mehdi Mirza and Bing Xu and David Warde-Farley and Sherjil Ozair and Aaron Courville and Yoshua Bengio},
Title = {Generative Adversarial Networks},
Year = {2014},
Eprint = {arXiv:1406.2661},
}

@article{goodfellow2020generative,
  title={Generative adversarial networks},
  author={Goodfellow, Ian and Pouget-Abadie, Jean and Mirza, Mehdi and Xu, Bing and Warde-Farley, David and Ozair, Sherjil and Courville, Aaron and Bengio, Yoshua},
  journal={Communications of the ACM},
  volume={63},
  number={11},
  pages={139--144},
  year={2020},
  publisher={ACM New York, NY, USA}
}

@inproceedings{Ansel_PyTorch_2_Faster_2024,
author = {Ansel, Jason and Yang, Edward and He, Horace and Gimelshein, Natalia and Jain, Animesh and Voznesensky, Michael and Bao, Bin and Bell, Peter and Berard, David and Burovski, Evgeni and Chauhan, Geeta and Chourdia, Anjali and Constable, Will and Desmaison, Alban and DeVito, Zachary and Ellison, Elias and Feng, Will and Gong, Jiong and Gschwind, Michael and Hirsh, Brian and Huang, Sherlock and Kalambarkar, Kshiteej and Kirsch, Laurent and Lazos, Michael and Lezcano, Mario and Liang, Yanbo and Liang, Jason and Lu, Yinghai and Luk, CK and Maher, Bert and Pan, Yunjie and Puhrsch, Christian and Reso, Matthias and Saroufim, Mark and Siraichi, Marcos Yukio and Suk, Helen and Suo, Michael and Tillet, Phil and Wang, Eikan and Wang, Xiaodong and Wen, William and Zhang, Shunting and Zhao, Xu and Zhou, Keren and Zou, Richard and Mathews, Ajit and Chanan, Gregory and Wu, Peng and Chintala, Soumith},
booktitle = {29th ACM International Conference on Architectural Support for Programming Languages and Operating Systems, Volume 2 (ASPLOS '24)},
doi = {10.1145/3620665.3640366},
month = apr,
publisher = {ACM},
title = {{PyTorch 2: Faster Machine Learning Through Dynamic Python Bytecode Transformation and Graph Compilation}},
url = {https://pytorch.org/assets/pytorch2-2.pdf},
year = {2024}
}